@online{Preshing,
	author = {Jeff Preshing},
	title = {How to Generate a Sequence of Unique Random Integers},
	date = {5-12-2019},
	note = {\\https://preshing.com/20121224/how-to-generate-a-sequence-of-unique-random-integers/},
}
@online{PDU,
	author = {Wikipedia},
	title = {Protocol data unit},
	date = {5-12-2019},
	note = {\\https://en.wikipedia.org/wiki/Protocol\_data\_unit},
}